@misc{crisp1996,
 author = {CRISP-DM},
 year = {1996},
 title = {Cross Industry Process---Data Mining},
 url = {http://www.crisp-dm.org},
 urldate = {2016-08-03}
}

% This file was created with Citavi 6.3.0.0

@article{Shearer2000,
 author = {Shearer, C.},
 year = {2000},
 title = {The CRISP-DM model: the new blueprint for data mining},
 pages = {13--22},
 volume = {5},
 number = {4},
 journal = {Journal of data warehousing}
}

@article{euroc,
 author = {Burri, M.},
 year = {2016},
 title = {The EuRoC micro aerial vehicle datasets},
 journal = {The International Journal of Robotics Research}
}

@article{ume,
 author = {Umeyama, S.},
 year = {1991},
 title = {Least-Squares Estimation of Transformation Parameters Between Two Point Patterns},
 journal = {IEEE Trans. Pattern Anal. Mach. Intell.}
}


