@misc{crisp1996,
 author = {CRISP-DM},
 year = {1996},
 title = {Cross Industry Process---Data Mining},
 url = {http://www.crisp-dm.org},
 urldate = {2016-08-03}
}

% This file was created with Citavi 6.3.0.0

@article{Shearer2000,
 author = {Shearer, C.},
 year = {2000},
 title = {The CRISP-DM model: the new blueprint for data mining},
 pages = {13--22},
 volume = {5},
 number = {4},
 journal = {Journal of data warehousing}
}

@article{Li2016,
 author = {Li, Jiaxin},
 year = {2016},
 title = {Real-time Simultaneous Localization and Mapping for UAV: A Survey},
 pages = {1},
 url = {http://www.imavs.org/papers/2016/237_IMAV2016_Proceedings.pdf}
}

@article{San,
 author = {San, Victor},
 title = {Intelligent UAV Map Generation and Discrete Path Planning for Search and Rescue Operations},
 pages = {1},
 url = {https://www.hindawi.com/journals/complexity/2018/6879419/},
 year = {2017}
}

@article{Rem2011,
 author = {Remondino, F.},
 title = {UAV PHOTOGRAMMETRY FOR MAPPING AND 3D MODELING – CURRENT STATUS AND FUTURE PERSPECTIVES –},
 pages = {1},
 url = {https://www.int-arch-photogramm-remote-sens-spatial-inf-sci.net/XXXVIII-1-C22/25/2011/isprsarchives-XXXVIII-1-C22-25-2011.pdf},
year = {2011}
}


